1831 2975
881 120 902 153 9

157 222 299 260 Unitas
317 223 359 260 in
378 223 538 261 veritate
553 227 683 261 contra
698 223 886 261 unitatem
901 224 943 261 in
958 237 1080 261 errore
1097 225 1325 273 opponenda
1340 229 1407 263 est.
1448 226 1626 264 Anthen-

155 292 232 330 tica
252 292 399 331 Christi
419 293 704 330 Infallibilitate
734 292 863 330 contra
891 293 1146 330 adulterinam
1176 294 1374 331 Pontificis
1401 295 1623 332 Infallibili-

155 366 272 400 tatem
293 366 350 400 est
370 363 636 400 obnitendum.
695 364 745 400 In
765 364 935 401 Ecclesia
946 362 1033 401 vere
1050 364 1251 402 Catholica
1268 368 1400 402 contra
1421 365 1623 403 Pontificis

155 433 361 470 Ecclesiam
384 433 611 471 haereticam
632 437 747 482 atque
768 434 1049 472 schismaticam
1070 438 1125 472 est
1155 435 1438 472 decertandum.
1496 436 1620 474 Nulla

153 503 336 549 doctrina,
358 507 543 552 tanquam
562 504 610 541 ad
630 505 793 541 salutem
807 508 999 542 aeternam
1019 506 1239 551 necessaria,
1262 506 1403 554 populo
1431 506 1619 543 credenda

154 573 268 611 debet
288 575 461 622 proponi,
483 574 557 611 nisi
577 587 661 623 quae
677 588 724 611 ex
741 575 913 612 Oraeulis
929 575 1074 612 divinis
1097 576 1231 613 Sacrae
1253 576 1460 625 Scriptura}
1480 576 1619 614 hausta

153 644 215 690 sit,
237 648 274 681 et
294 644 448 681 sincerae
467 644 726 693 Antiquitatis
743 645 971 683 Christiana)
997 646 1087 683 fidei
1114 649 1377 683 consentanea.
1436 646 1620 695 Episcopi

153 713 355 756 Catholici,
394 715 666 763 Apostolorum
706 728 949 761 successores,
982 716 1049 753 sed
1082 717 1165 765 jam
1200 717 1390 765 mancipia
1415 716 1618 754 Pontificis

152 785 254 831 facti,
276 789 314 823 et
335 785 548 823 Cathedrae
565 786 778 823 Pontificiae
808 787 1041 835 iniquissimi
1063 787 1329 836 jurisjurandi,
1351 800 1419 836 per
1440 790 1620 835 quatuor-

152 856 282 893 decem
320 856 456 893 saecula
492 859 579 904 post
622 856 821 894 Christum
872 860 1007 894 natum
1040 857 1219 903 inauditi,
1255 860 1390 895 catena
1429 857 1619 904 obstricti,

152 939 289 975 magno
308 926 488 964 Ecclesiae
508 926 750 973 detrimento,
772 930 810 963 et
839 940 905 964 suo
934 927 1105 976 ipsorum
1125 928 1310 974 dedecori,
1332 928 1374 964 in
1398 927 1616 965 libertatem

152 997 353 1046 pristinam
382 1000 473 1034 sunt
506 997 743 1034 vindicandi.
825 997 867 1035 Si
899 998 959 1035 his
992 999 1106 1035 armis
1144 998 1429 1044 dimicaveritis,
1474 1001 1614 1035 certam

150 1068 349 1106 victoriam
378 1068 488 1105 vobis
516 1068 601 1105 Deo
630 1069 841 1115 assistente,
871 1069 1044 1118 polliceri
1072 1069 1255 1118 poteritis.
1313 1069 1413 1105 Tum
1459 1068 1616 1105 demum

151 1139 321 1177 Ecclesia
341 1139 540 1177 Catholica
557 1139 725 1188 genuina
746 1140 911 1188 puritate
926 1141 1114 1187 clarescet,
1130 1144 1167 1177 et
1182 1143 1384 1177 venustate
1403 1139 1617 1176 reflorescet

150 1210 359 1259 primitiva.

233 1297 310 1335 Sed
328 1300 372 1334 ut
392 1297 472 1334 haec
503 1297 603 1334 votis
637 1298 777 1334 nostris
808 1298 1074 1346 respondeant.
1109 1310 1188 1334 non
1218 1300 1372 1334 tantum
1403 1295 1617 1333 numerosis

150 1368 353 1405 hominum
376 1367 522 1416 ingenii
541 1371 579 1404 et
599 1367 826 1415 eloquentiae
857 1368 1012 1405 dotibus
1042 1368 1315 1404 instructorum
1347 1365 1616 1411 conventibus,

152 1441 347 1486 utcunque
366 1437 415 1474 ad
443 1441 591 1475 mentes
619 1438 821 1475 hominum
850 1438 1071 1475 excitandas
1100 1440 1138 1474 et
1157 1436 1418 1474 accendendas
1446 1431 1617 1473 necessa-

150 1508 226 1554 riis,
244 1511 282 1545 et
296 1508 566 1557 plaudentium
584 1508 882 1545 multitudinum
902 1507 1235 1553 acclamationbus,
1257 1519 1315 1544 res
1336 1505 1439 1558 (mea
1460 1506 1619 1555 quidem

150 1578 359 1628 sententia)
391 1578 638 1627 transigenda
671 1582 739 1624 est,
772 1578 839 1615 sed
876 1578 1004 1627 quiete
1035 1581 1073 1615 et
1101 1576 1322 1626 tranquille,
1361 1580 1400 1614 et
1436 1577 1618 1625 conjunc—

148 1649 199 1687 tis
236 1649 405 1687 consiliis
443 1649 612 1686 virorum
641 1649 839 1695 modestia,
870 1648 1111 1693 verecundia,
1142 1648 1341 1697 gravitate,
1382 1647 1610 1693 eruditione,

150 1720 350 1769 sapientia,
395 1720 563 1769 puritate
608 1719 709 1766 fidei,
755 1724 793 1757 et
836 1719 1037 1757 sanctitate
1083 1719 1197 1766 vitae,
1242 1717 1621 1767 spectatissimorum,

149 1791 349 1840 praecipue
384 1794 523 1837 autem,
559 1790 641 1827 sine
673 1803 750 1839 quo
776 1789 876 1827 nihil
901 1790 1054 1827 firmum
1080 1802 1159 1827 esse
1189 1791 1327 1838 potest,
1357 1788 1437 1825 DEI
1468 1787 1618 1836 Optimi

150 1859 315 1897 Maximi
334 1860 464 1899 favore
483 1863 522 1898 et
540 1860 738 1910 praesidio.

233 1945 275 1984 Si
293 1946 389 1995 quid
408 1945 511 1995 apud
530 1958 597 1983 vos
617 1945 822 1983 auctoritas
844 1948 972 1982 nostra
997 1945 1151 1990 valeret,
1173 1956 1269 1992 quae
1288 1943 1411 1980 sentio
1431 1941 1548 1990 quam
1567 1942 1619 1980 sit

152 2016 300 2066 exigua,
332 2016 528 2054 suaderem
559 2016 669 2053 vobis
707 2014 919 2066 (utcunque
949 2014 1132 2063 indignus
1165 2013 1233 2062 qui
1261 2012 1461 2049 monitoris
1488 2014 1616 2060 partes

152 2086 192 2122 in
221 2099 282 2123 me
311 2086 547 2136 suscipiam),
573 2089 618 2123 ut
645 2085 970 2135 quemadmodum
995 2085 1140 2122 factum
1170 2084 1331 2132 legimus
1355 2083 1398 2119 in
1428 2082 1613 2120 Conciliis

151 2157 331 2195 Ecclesiae
349 2157 500 2203 veteris,
522 2157 563 2193 in
582 2156 724 2205 quibus
744 2169 846 2193 sacer
866 2156 1085 2192 EVANGELII
1115 2154 1234 2191 codex
1262 2153 1304 2189 in
1330 2153 1447 2202 regali
1475 2152 1615 2189 throno

148 2227 191 2264 in
209 2227 335 2264 medio
351 2228 556 2264 collocatus
577 2230 644 2273 est,
662 2229 706 2263 ut
726 2226 899 2263 omniimi
919 2225 1039 2262 oculis
1059 2225 1235 2269 eluceret,
1251 2227 1436 2272 tanquam
1452 2222 1618 2260 coelestis

152 2297 327 2346 quaedam
363 2297 541 2335 credendi
572 2300 610 2334 et
641 2296 805 2334 docendi
838 2308 1034 2344 cynosura,
1065 2294 1118 2331 sic
1153 2293 1255 2342 apud
1288 2306 1356 2330 vos
1389 2305 1542 2341 quoque
1572 2293 1614 2329 in

149 2371 277 2405 vestro
298 2370 492 2405 conventu
515 2367 634 2413 fieret,
655 2370 699 2404 ut
721 2366 875 2404 SACRAE
907 2365 1138 2402 Somnum
1161 2364 1339 2412 majestas
1359 2363 1538 2399 omnibus
1561 2375 1618 2399 co-

152 2440 278 2484 lenda,
295 2443 339 2477 ut
358 2439 487 2489 regula
506 2439 597 2476 fidei
616 2439 761 2484 divina,
778 2438 1040 2475 observaretur
1055 2450 1064 2483 ;
1084 2439 1122 2473 et
1137 2435 1236 2472 sicut
1250 2435 1292 2471 in
1307 2434 1475 2482 antiquae
1491 2432 1619 2469 Eccle-

156 2510 233 2547 siae
246 2509 415 2559 Synodis
430 2509 621 2546 invocatio
639 2508 785 2546 SANCTI
801 2507 984 2545 Siamus
1000 2505 1182 2554 praeibat,
1200 2504 1252 2541 sic
1268 2504 1309 2540 in
1325 2507 1450 2540 vestro
1466 2513 1619 2551 quoque

152 2580 369 2629 Congressu
387 2579 517 2617 nobile
537 2583 575 2617 et
594 2579 742 2616 illustre
762 2576 1005 2626 przeludium,
1037 2581 1201 2624 hymnus
1230 2574 1296 2610 illc
1322 2575 1418 2622 pene
1447 2572 1618 2618 divinus,

154 2650 266 2686 VENI
282 2648 480 2695 CREATOR,
502 2652 728 2694 cantaretur,
750 2651 787 2685 et
808 2647 960 2684 ORATIO
977 2645 1186 2682 Donmch
1202 2646 1364 2688 sonaret,
1382 2646 1425 2680 ut
1440 2641 1620 2681 omnibus
