1831 2975
903 104 925 139 5

263 210 394 248 Liceat
413 223 566 259 quoque
593 209 702 256 mihi,
732 210 792 248 vir
824 209 1112 255 humanissime,
1143 208 1363 257 exemplum
1397 209 1646 246 eruditissimi

183 281 363 319 Praesulis
388 281 563 326 excitare,
595 281 663 329 qui
690 293 757 329 per
787 280 917 318 decem
947 292 1067 317 annos
1097 279 1226 316 sedem
1258 279 1524 328 Episcopalem
1556 279 1646 316 Lin-

183 351 415 388 colniensem
451 350 613 396 ornavit,
646 349 832 386 Gulielmi
859 349 997 396 Wake,
1030 353 1067 386 et
1091 349 1159 398 qui
1183 349 1232 386 ad
1261 348 1645 398 Archiepiscopatum

184 420 500 458 Cantuariensem
538 423 692 457 evectus
728 420 935 457 fraternam
977 419 1219 457 concordiam
1263 423 1377 468 atque
1417 432 1645 456 consensum

182 491 284 528 inter
313 503 383 528 nos
413 490 562 539 Anglos
593 493 631 527 et
653 493 800 527 veteres
832 490 980 527 Galliae
1011 490 1229 528 Catholicos
1259 490 1388 527 fovere
1422 489 1644 527 commercio

182 561 431 610 Epistolico,†
450 564 488 598 et
516 560 600 597 aliis
629 560 921 598 benevolentiae
949 560 1094 606 officiis,
1124 559 1296 610 impense
1326 563 1363 597 et
1391 561 1544 597 strenue
1565 562 1647 596 ten-

181 631 291 668 tavit.
351 631 473 680 Cujus
492 631 649 680 quidem
661 631 858 668 desideriis
875 634 912 668 et
927 631 1126 668 conatibus
1142 631 1174 668 si
1196 633 1357 668 eventus
1374 630 1644 679 respondisset,

183 699 340 738 minime
370 700 506 738 dubito
536 701 632 749 quin
663 701 737 738 alia
766 700 896 737 futura
926 700 1061 737 fuisset
1088 700 1235 738 Galliae
1265 704 1304 738 et
1332 701 1507 749 Europae
1531 700 1645 737 facies

182 775 298 820 atque
316 774 450 818 status,
471 770 586 820 quam
606 784 721 820 quem
740 771 854 808 hodie
874 783 960 808 cum
986 774 1094 808 tanto
1110 770 1238 808 dolore
1253 783 1383 808 omnes
1403 770 1588 808 videmus.

262 858 337 895 His
355 858 473 907 igitur
491 858 687 907 praeteriti
714 858 898 907 temporis
927 858 1187 895 monumentis
1215 858 1351 904 edocti,
1381 856 1569 907 praeclare
1598 858 1645 895 de

182 927 295 965 nobis
315 931 444 965 actum
462 928 511 965 iri
530 928 810 973 arbitraremur,
827 928 860 964 si
883 928 932 965 ad
961 940 1057 976 opus
1076 928 1175 964 illud
1197 928 1475 965 absolvendum
1494 941 1516 965 a
1534 927 1646 965 vobis

183 1001 264 1035 tam
296 998 459 1035 feliciter
497 998 721 1035 inchoatum
751 998 863 1035 nobis
902 998 1051 1046 aliquid
1089 998 1304 1046 adjumenti
1343 999 1474 1035 afferre
1502 998 1642 1035 liceret.

183 1068 287 1116 Quid
306 1068 409 1105 enim
429 1069 636 1118 excogitari
663 1072 790 1118 potest
820 1068 1089 1117 exoptabilius,
1113 1067 1227 1117 quam
1256 1069 1431 1105 unanimi
1459 1081 1645 1106 consensu

181 1138 351 1175 laborare
379 1138 427 1175 ad
451 1139 527 1176 Dei
546 1139 706 1188 gloriam
728 1139 1049 1188 amplificandam,
1072 1142 1109 1176 et
1129 1139 1319 1176 Ecclesiae
1344 1139 1646 1176 emolumentum

182 1208 487 1258 promovendum
499 1210 512 1246 2

262 1280 435 1317 Accessit
453 1280 610 1329 insuper
629 1280 746 1325 aliud,
767 1282 923 1328 propter
948 1279 1051 1328 quod
1081 1279 1200 1316 literae
1230 1283 1318 1316 tuae
1348 1279 1646 1316 humanissimae

182 1363 263 1387 non
279 1350 462 1387 mediocri
480 1350 680 1399 voluptate
698 1363 760 1387 me
779 1351 997 1387 affecerunt.

264 1437 445 1474 Proximo
461 1450 562 1474 anno
579 1437 804 1474 Lincolniae
820 1437 861 1474 in
876 1437 1046 1474 Ecclesia
1060 1439 1191 1474 nostra
1207 1437 1429 1474 Cathedrali
1447 1438 1646 1486 Synodum

183 1506 400 1553 habuimus,
423 1507 484 1544 cui
503 1507 761 1545 interfuerunt
790 1507 1001 1556 presbyteri
1029 1507 1146 1556 hujus
1166 1508 1352 1544 Dioecesis
1373 1508 1519 1544 circiter
1537 1509 1647 1556 quin-

183 1577 300 1626 genti,
340 1577 383 1614 in
420 1579 498 1626 qua
530 1577 744 1614 fraternum
777 1591 863 1626 erga
895 1590 963 1614 vos
996 1578 1169 1614 studium
1202 1578 1396 1615 testificati
1430 1591 1572 1625 sumus,
1608 1582 1646 1616 et

186 1647 379 1697 Synodica
399 1648 575 1697 Epistola
595 1648 867 1685 declarandum
886 1648 1139 1697 censuimus.‡

263 1717 401 1755 Paucis
421 1731 574 1767 quoque
592 1718 803 1767 interjectis
824 1717 971 1764 diebus,
992 1718 1033 1754 in
1052 1718 1294 1755 nobilissima
1314 1717 1431 1766 hujus
1459 1718 1646 1756 Dioecesis

182 1788 288 1835 urbe,
310 1788 350 1825 N
352 1788 620 1837 ottinghamia,
642 1787 867 1826 Conventus
896 1788 1184 1825 Ecclesiasticus
1214 1788 1303 1825 cleri
1331 1791 1370 1825 et
1388 1788 1522 1837 populi
1541 1788 1648 1826 habi-

183 1862 246 1895 tus
265 1861 322 1895 est
342 1858 687 1907 frequentissimus,
717 1859 784 1907 qui
812 1859 1107 1907 propensissimo
1137 1871 1222 1907 erga
1249 1871 1317 1895 vos
1341 1861 1487 1895 veteres
1507 1858 1648 1896 Catha-

182 1928 275 1966 licos
308 1929 447 1966 affectu
477 1932 534 1966 est
568 1929 771 1975 animatus,
809 1932 846 1965 et
880 1929 921 1965 in
947 1941 1023 1977 quo
1057 1932 1269 1966 vestrarum
1298 1941 1423 1965 rerum
1443 1932 1644 1978 gestarum,

182 2012 320 2048 magno
341 2012 428 2036 cum
448 1999 689 2036 audientium
708 1999 858 2048 plausu,
879 1999 979 2036 facta
999 2002 1055 2036 est
1075 1999 1414 2048 commemoratio.§

263 2094 370 2142 Quae
390 2107 477 2131 cum
495 2094 551 2131 ita
570 2094 659 2140 sint,
681 2094 860 2142 equidem
879 2094 977 2130 mihi
996 2094 1146 2131 viderer
1174 2094 1296 2131 officio
1324 2107 1407 2131 11160
1428 2094 1647 2144 Episcopali

183 2164 396 2210 defuturus,
419 2167 456 2201 et
475 2164 637 2200 fratrum
656 2176 829 2200 meorum
849 2163 950 2200 votis
975 2176 1109 2212 parum
1133 2163 1407 2210 satisfacturus,
1429 2165 1461 2201 si
1489 2178 1510 2201 a
1538 2166 1648 2202 vobis

183 2234 284 2271 ultro
323 2234 372 2270 ad
419 2234 624 2270 concilium
671 2233 855 2271 Coloniae
904 2233 1125 2282 propediem
1172 2233 1393 2270 habendinn
1440 2235 1646 2272 honorifice

184 2304 412 2353 appellatus,
433 2303 620 2341 desiderio
641 2307 768 2341 vestro
788 2304 1048 2352 obtemperare
1067 2303 1323 2341 detrectarem.

265 2391 412 2428 Verum
441 2391 647 2436 enimvero,
677 2390 751 2427 Vir
779 2391 1022 2439 amplissime,
1052 2390 1205 2427 veniam
1233 2393 1271 2427 te
1299 2391 1395 2427 mihi
1424 2392 1647 2439 largiturum

183 2461 294 2498 facile
314 2460 411 2497 mihi
430 2460 654 2508 persuadeo,
678 2460 721 2505 si,
745 2460 806 2496 his
833 2458 1096 2496 lubentissime
1126 2461 1438 2507 commemoratis,
1463 2462 1649 2510 quaedam

416 2573 429 2601 †
449 2573 512 2597 Vide
525 2572 601 2597 Hist.
619 2571 723 2596 Eccles.
739 2572 972 2602 Moshomianam,
986 2572 1027 2596 ed.
1042 2572 1129 2598 Lond.
1145 2574 1218 2599 1833,
1253 2573 1380 2603 Append.
1393 2575 1416 2598 3.

475 2606 489 2634 ss
508 2606 571 2629 Vide
582 2606 598 2617 ‘⁴
609 2604 727 2629 Lincoln
741 2605 876 2629 Diocesan
889 2605 1026 2629 Calendar
1038 2605 1082 2629 for
1096 2605 1190 2635 1872,”
1202 2612 1249 2635 pp.
1264 2607 1354 2630 101-4.

447 2639 459 2669 ξ
473 2639 580 2669 Report
592 2638 621 2663 of
634 2637 684 2663 the
696 2638 886 2669 Nottingham
900 2637 1012 2663 Church
1024 2637 1169 2669 congress,
1182 2638 1244 2663 Oct.
1259 2640 1300 2668 12,
1316 2639 1386 2664 1871.
