1831 2975
893 114 914 128 ,-

899 124 909 151 l

247 219 334 267 Qua
366 220 522 268 quidem
552 220 593 256 in
623 220 684 257 Pii
714 218 802 257 Ivffi
830 219 1075 269 professione,
1106 219 1308 256 duodecim
1341 220 1432 257 fidei
1452 221 1631 258 articulos

167 289 500 338 deprehendimus,
529 290 702 339 symbolo
723 290 763 327 N
765 289 1330 338 icaeno-Constantinopolitano
1355 293 1515 336 assutos,
1544 303 1623 327 non

166 359 275 408 quasi
294 359 510 408 probabiles
530 360 739 408 opiniones,
761 360 828 397 sed
847 360 918 397 sub
945 361 1070 408 poena
1097 362 1273 396 aeternae
1302 359 1560 397 damnationis
1580 361 1628 398 ab

165 429 345 466 omnibus
364 430 601 478 recipiendos
615 444 625 477 5
654 443 749 478 quos
779 430 827 467 ab
858 430 1028 467 Ecclesia
1056 432 1184 467 vetere
1213 428 1415 467 Catholiczi
1443 434 1626 478 receptos,

166 499 310 537 nedum
343 500 522 537 omnibus
552 500 774 546 inculcatos,
813 513 925 538 nemo
963 512 1136 549 unquam
1173 500 1464 546 demonstravit,
1503 513 1628 549 neque

166 569 427 607 demonstrare
445 570 597 618 poterit.

245 655 371 693 Nobis
390 655 558 704 quidem,
579 656 621 693 in
640 656 811 693 Ecclesia
835 656 1050 706 Anglicana
1075 656 1264 703 enutritis,
1290 656 1333 693 hi
1352 656 1442 693 fidei
1461 656 1625 703 articuli,

165 728 298 775 utpote
330 726 513 775 sequioris
550 726 635 763 aevi
672 726 823 774 placita,
856 739 936 764 non
973 739 1012 764 se
1049 727 1368 775 approbaverunt.
1433 726 1628 776 Symbolis

163 795 355 833 Ecclesiae
369 796 508 834 veteris
524 795 745 834 Catholicae
759 797 1043 845 acquiescimus.
1094 797 1143 833 Et
1158 795 1206 847 (si
1221 797 1339 833 libere
1355 796 1464 845 loqui
1478 796 1536 834 fas
1552 795 1626 848 est)

162 866 223 904 vir
255 866 505 912 ornatissime,
540 878 610 903 vos
642 878 795 915 quoque
828 866 1018 903 Ecclesiae
1055 866 1194 903 veteris
1231 866 1306 903 fide
1342 867 1514 903 contenti
1547 879 1628 903 esse

162 935 322 981 debetis,
343 936 376 973 si
394 939 541 973 veteres
562 935 765 981 Catholici,
795 949 875 973 non
902 936 1058 973 nomine
1086 938 1241 973 tantum
1270 935 1467 984 appellari,
1491 936 1559 973 sed
1588 949 1628 973 re

162 1004 254 1043 vere
273 1018 365 1052 esse,
387 1005 620 1043 desideratis.

243 1092 524 1130 Audaciuscule
544 1093 672 1130 forsan
687 1092 779 1130 haec
795 1092 977 1130 effutiisse
996 1092 1128 1130 videar
1144 1106 1151 1137 ;
1171 1092 1238 1130 sed
1256 1105 1324 1130 vos
1343 1092 1417 1141 ipsi
1436 1092 1527 1130 huic
1546 1104 1629 1129 nos—

161 1165 241 1200 trae
263 1163 448 1211 loquendi
474 1163 643 1200 libertati
672 1163 904 1200 occasionem
933 1162 1171 1211 praebuistis.
1240 1163 1395 1200 Etenim
1423 1163 1466 1199 in
1494 1162 1628 1199 eadem

161 1235 289 1270 vestra
303 1233 393 1270 fidei
412 1233 588 1279 formula,
605 1246 720 1282 quam
739 1232 937 1270 Monachii
957 1245 1079 1281 nuper
1098 1232 1308 1278 edidistis,5⁶
1322 1245 1390 1270 vos
1410 1232 1458 1270 ad
1478 1232 1628 1269 decreta

162 1302 423 1340 Conciliorum
442 1303 632 1340 Ecclesiae
652 1302 871 1340 Catholicae
890 1303 1092 1349 indivisae,
1114 1305 1300 1351 tanquam
1315 1303 1364 1339 ad
1379 1303 1568 1351 optimum
1589 1305 1628 1339 et

161 1372 399 1410 tutissimum
427 1372 606 1410 credendi
633 1373 837 1421 exemplar,
868 1372 1078 1421 appellatis.
1143 1371 1259 1410 Recte
1288 1373 1377 1410 sane
1402 1375 1439 1410 et
1468 1372 1627 1421 egregie,

160 1446 197 1480 et
217 1442 542 1491 quemadmodum
560 1446 707 1480 veteres
728 1442 948 1481 Catholicos
967 1443 1086 1480 decet.

242 1525 319 1564 Sed
339 1526 388 1563 da
406 1527 570 1573 veniam,
592 1526 712 1572 sodes,
742 1527 802 1563 vir
829 1526 1114 1572 humanissime,
1136 1526 1229 1563 dum
1249 1539 1270 1563 a
1288 1529 1327 1562 te
1346 1526 1625 1563 modestissime

159 1608 310 1645 quaero,
331 1597 363 1634 si
382 1597 431 1634 ad
451 1597 639 1634 indivisae
668 1597 856 1634 Ecclesiae
876 1596 1002 1641 fidem,
1023 1602 1207 1645 tanquam
1226 1595 1275 1633 ad
1295 1608 1442 1633 sacrum
1462 1599 1623 1644 portum

161 1666 379 1715 confugitis,
411 1679 592 1716 quorsum
622 1668 716 1704 alter
752 1667 817 1704 ille
845 1670 970 1704 vester
997 1679 1168 1704 recursus
1196 1666 1245 1703 ad
1273 1666 1335 1702 Pii
1363 1664 1453 1703 Ivffi
1482 1666 1626 1703 Profes-

160 1737 317 1784 sionem,
338 1750 424 1786 quae
443 1740 541 1775 certe
570 1738 618 1774 ab
646 1736 816 1774 indivisa
845 1737 1013 1774 Ecclesia
1041 1749 1120 1773 non
1149 1740 1204 1773 est
1233 1736 1411 1785 profecta,
1432 1736 1499 1773 sed
1516 1736 1629 1773 innu-

160 1818 282 1844 meras
301 1807 344 1844 in
363 1807 535 1845 Ecclesia
554 1807 763 1845 divisiones
783 1806 955 1855 peperit'l

242 1888 359 1935 Haec,
380 1888 545 1937 ingenue
566 1888 699 1934 fateor,
721 1891 764 1924 ut
787 1886 884 1924 mihi
912 1887 1068 1936 quidem
1085 1886 1250 1932 videtur,
1282 1889 1304 1906 “
1318 1899 1397 1923 non
1416 1884 1512 1923 bene
1535 1899 1622 1923 con-

159 1958 335 2005 veniunt,
356 1971 481 2008 neque
499 1959 542 1995 in
560 1961 639 1996 una
658 1958 747 1995 sede
767 1957 995 1995 morantur.''
1053 1957 1130 1995 Sed
1144 1956 1457 2005 quandoquidem
1476 1960 1624 1994 veteres

161 2028 353 2066 Catholici
390 2029 575 2078 appellari
613 2031 651 2065 et
687 2041 767 2065 esse
804 2027 935 2073 vultis,
981 2027 1171 2064 malumus
1209 2026 1358 2063 credere
1392 2039 1459 2063 vos
1494 2029 1623 2064 vetera

160 2099 338 2136 Ecclesiae
357 2099 544 2136 indivisae
564 2098 714 2135 decreta
733 2097 890 2134 novitiis
912 2097 972 2134 Pii
993 2095 1081 2133 IVti
1100 2096 1251 2145 placitis
1270 2109 1350 2133 esse
1375 2096 1618 2144 praelaturos.

240 2185 365 2233 Quam
394 2185 551 2233 quidem
580 2184 810 2221 sententiam
839 2183 983 2220 firmius
1014 2184 1231 2232 amplector,
1261 2183 1404 2231 quippe
1438 2183 1506 2232 qui
1539 2195 1620 2232 per-

159 2255 421 2292 suasissimum
440 2255 613 2300 habeam,
643 2267 723 2300 vos,
753 2254 785 2291 si
814 2254 876 2290 Pii
905 2253 1040 2302 Quarti
1063 2253 1240 2301 dogmata
1259 2252 1449 2289 mordicus
1468 2253 1619 2299 tenetis,

158 2338 358 2373 nunquam
386 2328 516 2362 contra
546 2325 607 2361 Pii
628 2324 733 2361 Noni
762 2323 901 2372 placita
929 2323 1227 2372 praevalituros,
1260 2323 1460 2371 praecipue
1491 2322 1621 2360 contra

159 2395 258 2433 illud
285 2395 539 2432 novissimum
566 2395 803 2443 figmentum,
833 2397 871 2430 et
899 2396 1162 2442 portentosum
1190 2392 1370 2429 Vaticani
1390 2393 1449 2429 sui
1470 2393 1621 2430 concilii

159 2466 327 2511 effatum,
348 2477 424 2513 quo
444 2464 743 2502 Infallibilitatis
772 2463 1071 2512 praerogativam
1100 2463 1174 2499 sibi
1202 2462 1318 2511 impie
1348 2462 1549 2510 arrogavit,
1581 2466 1618 2499 et

159 2537 212 2573 sic
232 2547 271 2572 se
290 2547 454 2583 suosque
473 2536 658 2583 perpetua
677 2538 714 2571 et
729 2532 985 2570 inextricabili
1000 2532 1148 2570 errandi
1164 2532 1388 2569 necessitate
1403 2531 1617 2580 implicavit

163 2608 201 2642 et
220 2603 397 2642 irretivit.

738 2657 752 2672 ³*
763 2656 834 2680 Loco
845 2654 934 2679 citato
946 2661 972 2685 p.
987 2654 1045 2678 221.
