1831 2975
905 112 928 148 8

262 222 379 268 Haec,
411 221 471 259 vir
501 220 660 266 erudite,
691 219 807 256 nimis
838 216 959 256 calide
990 218 1150 255 fortasse
1169 217 1358 267 disputari
1383 215 1650 264 arbitraberis,

180 293 247 331 sed
265 293 381 342 longo
401 304 474 329 usu
493 291 671 328 didicisse
690 290 788 326 mihi
806 288 951 334 videor,
982 288 1196 334 veritatem,
1217 300 1376 336 eamque
1395 287 1477 324 sine
1496 286 1584 323 fuco
1612 288 1651 323 et

181 364 342 401 fallaciis
379 362 593 411 simplicem
629 364 667 397 et
704 360 904 405 illibatam,
943 359 1101 395 unicum
1140 370 1220 395 esse
1257 357 1470 396 Christiani
1513 356 1651 393 amoris

181 437 451 484 argumentum
470 435 508 469 et
526 430 854 480 significationem.
904 429 1029 477 Quare
1048 432 1086 466 te
1105 432 1269 477 tuosque
1288 427 1350 465 his
1370 427 1651 465 condonaturos

181 504 293 542 facile
311 503 410 541 mihi
429 501 648 552 persuadeo,

262 600 463 638 Debebam
482 610 634 648 quoque
653 597 781 646 aperte
811 595 1001 633 declarare
1029 595 1071 632 id
1099 594 1203 644 quod
1227 594 1274 632 de
1292 594 1355 632 his
1379 594 1494 632 rebus
1523 594 1651 632 animo

182 672 318 717 sentio,
333 671 476 720 quippe
488 669 555 718 qui
568 667 682 705 officii
693 666 871 712 vinculis,
885 678 964 703 non
975 668 1129 703 tantum
1142 678 1228 714 erga
1240 677 1320 711 vos,
1331 664 1398 702 sed
1411 677 1498 714 erga
1510 667 1654 702 nostra-

182 746 240 780 tes
255 753 419 791 quoque,
438 739 644 777 obstrictus
659 737 732 775 sim
746 751 756 785 5
776 740 813 774 et
826 736 873 773 de
886 736 1058 784 utrisque
1070 736 1168 773 male
1182 735 1364 772 meruisse
1379 735 1477 772 mihi
1490 734 1652 781 viderer,

182 813 227 859 si,
260 812 371 849 vobis
403 810 610 847 inhonesta
647 807 867 845 adulatione
904 806 1144 852 assentando,
1183 805 1375 842 Ecclesiae
1412 805 1651 854 Anglicanae

183 895 346 928 causam,
369 880 502 932 (quam
521 879 597 916 Dei
617 881 654 916 et
673 877 860 915 Veritatis
881 889 960 914 esse
975 889 1127 914 causam
1147 876 1278 913 nullus
1298 875 1451 924 dubito)
1474 875 1654 912 indecora

182 952 400 1003 proditione
430 949 743 1000 propinavissem.
815 947 899 985 Nos
936 946 1064 984 nullas
1101 946 1293 984 novitates
1331 946 1373 983 in
1410 946 1524 983 rebus
1560 945 1653 983 fidei

183 1034 428 1072 aucupamur,
449 1019 526 1058 imo
559 1031 712 1069 prorsus
745 1017 990 1055 detestamur.
1049 1017 1132 1054 Nos
1167 1029 1254 1054 cum
1288 1016 1467 1054 omnibus
1496 1016 1538 1054 in
1564 1018 1656 1054 vera

183 1094 258 1132 fide
279 1092 480 1132 Catholica
499 1093 614 1139 atque
634 1088 840 1138 disciplina
860 1087 1137 1125 communicare
1157 1099 1326 1134 avemus,
1349 1090 1387 1125 et
1407 1087 1440 1124 si
1462 1086 1558 1136 quid
1585 1099 1656 1124 nos

183 1164 259 1214 ipsi
291 1177 313 1201 a
344 1164 536 1200 vetustate
564 1158 651 1198 vere
690 1159 892 1197 Catholica
926 1158 1107 1195 defecisse
1138 1157 1365 1206 deprehensi
1395 1157 1581 1195 fuerimus
1613 1158 1656 1194 in

183 1236 297 1273 rebus
325 1233 374 1271 ad
403 1235 593 1270 aeternam
622 1230 785 1267 salutem
812 1228 1043 1275 necessariis,
1075 1227 1138 1279 (de
1157 1228 1376 1277 adiaphoris
1394 1227 1496 1265 nihil
1515 1226 1656 1279 moror)

184 1306 234 1343 ad
261 1303 480 1355 primitivae
506 1300 686 1338 Ecclesiae
713 1299 884 1348 regulam
912 1311 934 1336 a
961 1298 1072 1336 vobis
1105 1298 1273 1336 revocari
1303 1310 1383 1335 non
1411 1298 1655 1347 refragamur,

184 1375 261 1414 imo
281 1371 519 1423 summopere
541 1371 809 1409 desideramus.

269 1479 345 1517 Sed
370 1478 463 1515 haec
491 1475 691 1513 hactenus.
749 1473 942 1522 Quoniam
961 1476 1090 1510 autem
1109 1472 1294 1521 loquendi
1313 1472 1530 1509 libertatem
1559 1471 1657 1508 mihi

185 1563 254 1589 vos
273 1562 353 1587 non
371 1547 566 1585 illibenter
603 1556 844 1582 concessuros
881 1555 949 1592 pro
988 1546 1089 1580 certo
1122 1542 1298 1588 habeam,
1332 1542 1405 1579 hoc
1438 1542 1543 1591 quod
1570 1542 1654 1590 jam

185 1623 303 1658 restat
322 1616 541 1662 dicendum,
563 1615 644 1652 sine
665 1613 744 1651 ulla
763 1613 1075 1662 tergiversatione
1091 1613 1153 1650 vel
1169 1612 1474 1649 dissimulatione
1490 1613 1653 1661 eloquar.

268 1722 475 1761 Neminem
493 1720 570 1757 fere
593 1719 687 1756 latet
716 1717 845 1766 paullo
875 1717 1132 1764 attentiorem,
1163 1729 1244 1763 vos,
1273 1717 1342 1765 qui
1370 1716 1656 1754 nobilissimum

187 1808 282 1846 opus
301 1795 343 1831 in
361 1805 431 1831 vos
450 1789 682 1839 suscepistis,
704 1788 914 1825 Ecclesiam
935 1787 1175 1826 Catholicam
1193 1787 1242 1824 ad
1261 1790 1429 1825 veterem
1448 1787 1656 1836 puritatem

186 1864 402 1910 revocandi,
432 1862 475 1899 in
503 1859 664 1909 ancipiti
695 1871 821 1896 rerum
859 1858 1092 1904 discrimine,
1132 1857 1253 1907 quum
1289 1857 1532 1906 politicarum
1569 1856 1653 1895 tum

186 1936 389 1988 praecipue
423 1931 786 1976 Ecclesiasticarum,
818 1929 933 1966 hodie
966 1929 1117 1966 versari.
1187 1928 1296 1966 Inter
1334 1928 1504 1978 Scyllam
1541 1932 1657 1978 atque

188 2005 428 2056 Charybdim
447 2003 559 2042 vobis
574 2004 631 2039 est
649 1999 921 2049 navigandum.
962 1999 1026 2037 Ab
1042 2001 1121 2036 una
1135 2001 1254 2048 parte,
1271 1999 1522 2036 metuendum
1537 2002 1593 2037 est
1608 2012 1657 2037 ne

187 2077 434 2117 formidolosa
453 2073 653 2112 Pontificis
673 2071 840 2109 Romani
856 2071 1129 2116 dominatione,
1151 2070 1280 2107 omnia
1294 2070 1343 2108 ad
1359 2083 1397 2108 se
1412 2071 1597 2120 rapiente,
1618 2074 1656 2109 et

187 2151 358 2187 humana
372 2150 486 2195 atque
502 2144 636 2182 divina
646 2144 735 2192 jura
755 2142 827 2180 sub
848 2141 1011 2191 pedibus
1031 2141 1287 2190 proculcante,
1304 2142 1599 2190 prosternamini
1619 2145 1657 2179 et

187 2217 414 2258 obruamini.
472 2215 536 2252 Ab
557 2215 674 2251 altera
694 2215 812 2262 parte,
833 2225 911 2249 non
930 2212 1059 2249 minus
1078 2210 1288 2248 verendum
1309 2215 1377 2258 est,
1396 2224 1445 2249 ne
1467 2212 1510 2249 in
1528 2213 1657 2249 multi-

188 2291 282 2328 faria
301 2287 459 2326 dissidia
479 2283 757 2329 distrahamini,
780 2286 816 2320 et
836 2283 878 2319 in
898 2295 1017 2319 novas
1037 2282 1237 2330 opiniones
1265 2285 1303 2319 et
1327 2282 1656 2331 indisciplinatam

187 2360 383 2399 licentiam
403 2355 628 2404 evagemini,
646 2357 694 2399 et,
712 2353 923 2390 debilitatis
942 2356 979 2389 et
999 2352 1129 2389 fractis
1145 2365 1211 2400 per
1227 2355 1380 2389 mutuas
1400 2352 1656 2390 dissentiones

188 2431 337 2470 viribus
358 2426 570 2479 (ignoscite,
592 2437 744 2473 quaeso,
774 2423 966 2460 liberrime
995 2421 1186 2471 loquenti)
1217 2422 1259 2458 in
1279 2422 1544 2460 confusionem
1564 2424 1656 2461 civi-

188 2503 265 2540 lem
297 2503 334 2537 et
368 2495 658 2535 ecclesiasticam
689 2494 965 2531 dissolvamini.
1037 2492 1210 2529 Unicum
1240 2505 1325 2530 meo
1345 2493 1480 2530 saltem
1507 2494 1656 2542 judicio

191 2575 322 2612 contra
339 2571 449 2607 tanta
476 2566 576 2603 mala
603 2564 815 2602 remedium
844 2567 912 2610 est,
940 2566 984 2601 ut
1013 2561 1100 2601 vere
1120 2565 1267 2600 veteres
1288 2575 1368 2600 esse
1387 2562 1579 2601 Catholici
1597 2565 1657 2601 fir-

190 2643 304 2681 miter
332 2642 448 2688 atque
477 2638 697 2674 constanter
726 2634 982 2684 perseveretis.
1052 2632 1160 2670 “Hic
1188 2645 1320 2670 murus
1348 2633 1517 2672 aheneus
1542 2634 1656 2672 est0.''
