1831 2975
904 147 928 184 4

260 251 446 300 Quocirca
464 252 562 290 mihi
582 253 740 302 quidem
759 253 925 300 videtur,
947 266 1028 300 nos,
1052 254 1121 302 qui
1140 254 1182 291 in
1202 254 1396 292 Ecclesiae
1415 254 1651 304 Anglicanae

184 322 328 370 gremio
349 336 480 360 sumus
500 323 651 369 nutriti,
673 327 710 361 et
730 323 798 372 qui
818 323 962 372 insigni
985 323 1062 361 Dei
1092 323 1241 373 Optimi
1264 324 1430 362 Maximi
1449 323 1652 362 clementia

182 392 384 440 praeclaris
419 393 461 430 in
481 393 576 442 Ejus
612 394 894 432 Communione
927 394 1122 431 beneficiis
1154 408 1221 443 per
1254 395 1378 432 multa
1398 395 1481 444 jam
1503 393 1653 431 saecula

181 465 357 512 fruimur,
384 466 453 504 vix
474 466 694 504 Christiano
714 467 870 504 nomine
896 467 1031 516 dignos
1052 468 1315 505 existimatum
1343 468 1402 514 iri,
1429 467 1506 504 nisi
1526 467 1654 504 omnia

182 535 293 573 vobis
323 549 503 586 prospera
533 549 805 586 auguraremur
834 540 872 574 et
901 550 1201 586 apprecaremur,
1235 541 1272 575 et
1301 551 1453 587 operam
1483 540 1653 575 nostram

185 619 252 655 pro
272 606 377 644 virili
395 610 503 657 parte
522 607 633 645 vobis
654 607 1041 646 siibministrarenms.

265 694 350 742 Qua
386 694 544 743 quidem
580 694 622 731 in
659 694 995 743 contemplatione,
1033 707 1114 732 non
1151 695 1300 744 ingrata
1338 695 1510 732 animum
1547 694 1653 731 subit

182 764 404 811 recordatio,
424 764 612 814 quaedam
632 777 712 802 esse
735 764 849 814 plane
884 764 1102 814 singularia,
1133 778 1231 814 quae
1260 765 1398 803 amoris
1431 768 1469 802 et
1497 764 1652 814 pietatis

181 834 348 872 nexibus
367 847 438 872 nos
457 835 659 872 vobiscum
678 834 918 872 devinciunt.

261 921 374 959 Mille
409 925 448 959 et
479 925 635 959 centum
668 922 762 959 anni
785 923 868 971 jam
897 920 1141 968 effluxerunt,
1169 935 1218 959 ex
1245 934 1321 971 quo
1351 924 1506 959 sanctus
1534 920 1647 958 Boni-

181 992 314 1039 facius‚
335 1005 452 1041 quem
476 1005 546 1030 vos
576 995 598 1013 “
613 992 829 1030 Germaniae
849 991 1082 1041 Apostolum
1094 992 1112 1008 ''
1138 993 1225 1041 jure
1254 991 1467 1041 appellatis,
1497 991 1544 1028 ab
1573 991 1652 1028 An-

178 1062 280 1111 gliae
319 1066 460 1100 nostrae
496 1063 675 1100 litoribus
713 1062 762 1099 ad
800 1062 1052 1111 Evangelium
1103 1062 1206 1111 apud
1242 1075 1312 1100 vos
1349 1062 1650 1111 praedicandum

180 1133 373 1182 profectus
394 1136 464 1171 est.
521 1134 571 1170 In
590 1133 637 1170 iis
657 1131 858 1182 praecipue
880 1132 1053 1176 urbibus,
1075 1132 1143 1169 ubi
1169 1136 1343 1170 veterum
1363 1132 1651 1171 Catholicorum

179 1216 321 1241 nomen
340 1204 457 1241 hodie
475 1203 718 1253 potissimum
737 1203 846 1240 floret
868 1202 988 1254 (quod
1007 1202 1104 1240 felix
1123 1203 1369 1252 faustumque
1384 1203 1434 1240 sit
1451 1202 1473 1252 1)
1531 1202 1653 1252 Apos-

173 1273 334 1312 tolicum
373 1274 632 1312 ministerium
663 1273 845 1311 exercuit.
905 1273 1177 1322 Ultrajectum‚
1205 1273 1366 1311 Colonia
1399 1273 1649 1322 Agrippinae,

174 1346 435 1395 spiritualium
466 1347 548 1395 ejus
581 1346 833 1383 certaminum
859 1348 977 1382 testes
1010 1349 1111 1383 sunt.
1181 1345 1232 1382 In
1264 1345 1427 1383 Bavaria
1460 1345 1648 1383 Ecclesias

176 1417 329 1455 struxit.
380 1417 575 1454 Fuldense
595 1416 815 1454 coenobium
836 1415 1019 1453 condidit.
1077 1415 1319 1464 Moguntiaci
1341 1415 1476 1453 Sedem
1499 1415 1652 1464 Episco-

173 1488 301 1537 palem
322 1487 505 1534 obtinuit,
529 1487 757 1525 Germaniae
778 1489 816 1523 et
836 1486 963 1535 Belgii
983 1486 1147 1523 Primas.
1197 1486 1421 1535 Complures
1442 1486 1653 1524 Cathedras

175 1559 420 1608 Episcopales
451 1559 493 1595 in
526 1558 732 1595 Germania
764 1557 892 1595 vestra
921 1557 1055 1594 erexit.
1124 1556 1221 1594 Octo
1250 1556 1423 1595 Concilia
1451 1556 1555 1606 apud
1582 1569 1652 1594 vos

175 1629 326 1676 habuit,
347 1632 392 1666 ut
412 1629 528 1666 fidem
549 1628 812 1667 Christianam
840 1631 1093 1677 promoveret,
1125 1631 1162 1664 et
1186 1627 1428 1676 disciplinam
1449 1627 1648 1664 stabiliret.

175 1700 357 1749 Denique
377 1699 525 1738 Christi
545 1699 768 1745 Ecclesiam,
791 1711 907 1748 quam
927 1698 1031 1747 apud
1059 1710 1129 1735 vos
1158 1698 1381 1747 Apostolica
1410 1710 1527 1735 manu
1546 1697 1651 1747 plan-

174 1773 333 1816 taverat,
354 1770 542 1820 sanguine
563 1782 631 1807 suo
651 1769 898 1806 beatissimus
918 1768 1071 1817 Martyr
1090 1767 1275 1817 irrigavit.

257 1869 340 1907 Nos
359 1869 479 1918 igitur
506 1867 639 1917 Angli,
670 1870 888 1904 nostrorum
910 1870 948 1904 et
967 1869 1181 1904 vestrorum
1201 1865 1400 1903 annalium
1430 1866 1652 1903 memoriam

172 1940 393 1986 recolentes,
416 1952 503 1977 cum
525 1939 649 1984 vobis,
681 1937 911 1975 Germaniae
940 1937 1134 1974 veteribus
1164 1936 1387 1982 Catholicis,
1409 1936 1652 1975 Christianae

165 2010 256 2048 fidei
277 2014 315 2048 et
334 2010 490 2060 pietatis
510 2008 732 2047 arctissimis
753 2008 919 2046 vinculis
940 2007 1151 2056 constringi
1168 2007 1351 2044 videmur
1367 2009 1405 2044 et
1421 2007 1640 2045 consociari.

258 2108 298 2145 N
301 2122 341 2146 ec
369 2109 499 2146 minus
527 2121 598 2146 nos
630 2107 756 2145 officia
787 2105 1031 2144 Christianae
1061 2104 1354 2143 benevolentiae
1384 2119 1406 2142 a
1434 2105 1545 2143 vobis
1565 2119 1652 2155 erga

174 2197 243 2221 nos
265 2183 448 2233 praestita
466 2192 599 2218 sumus
616 2178 776 2228 experti.
834 2176 1006 2226 Septimo
1024 2178 1112 2225 post
1128 2175 1328 2213 Christum
1341 2179 1476 2213 natum
1488 2177 1648 2223 saeculo,

175 2255 284 2292 venit
304 2254 353 2291 ad
372 2265 442 2290 nos
461 2265 483 2289 a
503 2249 724 2300 regionibus
740 2248 879 2285 vestris
894 2247 954 2284 vir
969 2249 1124 2284 sanctus
1139 2246 1367 2295 Botolphus,
1385 2246 1510 2284 divini
1529 2246 1651 2284 Verbi

176 2337 310 2374 praeco
330 2321 623 2366 fervidissimus,
654 2326 692 2356 et
711 2318 823 2355 nobis
851 2317 1065 2366 praecipue,
1087 2316 1156 2364 qui
1184 2329 1315 2364 agrum
1340 2315 1650 2354 Lincolniensem

175 2394 393 2437 incolimus,
422 2403 624 2440 nunquam
652 2389 735 2426 sine
763 2388 907 2424 honore
934 2386 1215 2431 memorandus,
1246 2386 1315 2423 ubi
1343 2387 1383 2423 in
1413 2387 1488 2423 fide
1522 2386 1650 2425 Chris—

173 2464 281 2502 tiana
300 2461 546 2513 propaganda
575 2459 740 2496 feliciter
768 2457 969 2502 laboravit,
1000 2459 1038 2493 et
1066 2456 1169 2504 apud
1199 2469 1294 2504 quos
1323 2456 1438 2493 urbs*
1465 2457 1649 2494 florentis-

168 2536 264 2574 sima
284 2545 426 2571 nomen
460 2532 543 2580 ejus
580 2533 636 2567 est
672 2528 817 2573 sortita,
853 2530 891 2564 et
923 2526 1147 2564 memoriam
1183 2527 1265 2575 ejus
1298 2526 1413 2563 hodie
1449 2531 1574 2564 servat
1608 2530 1646 2564 et

170 2608 384 2644 veneratur.

634 2702 649 2718 *
663 2702 768 2726 Boston
783 2708 788 2725 :
809 2701 853 2725 i.e.
870 2699 911 2723 St.
925 2698 1072 2728 Botolph‘s
1084 2700 1172 2723 town.
