1831 2975
892 106 914 142 6

167 215 254 256 alia,
276 213 453 261 sepositis
484 212 664 251 omnibus
694 212 932 261 ambagibus,
965 214 1003 248 et
1033 211 1147 248 unico
1177 210 1350 248 veritatis
1381 209 1509 248 studio
1537 221 1635 247 com-

167 287 306 331 motus,
327 296 431 320 nunc
450 283 634 332 adjecero.

248 372 342 418 Vos,
363 370 438 408 viri
466 368 749 419 spectatissimi,
784 371 993 405 “veterum
1017 366 1334 406 Catholicorum'’
1354 379 1496 404 nomen
1523 366 1634 404 vobis

166 441 376 480 vindicatis
390 454 400 488 3
427 440 588 477 titulum
608 437 697 476 sane
717 437 965 487 splendidum
984 440 1100 486 atque
1119 437 1375 486 magnificum.

246 537 329 574 Nos
349 548 512 585 quoque,
534 533 727 571 Ecclesiae
747 532 973 582 Anglicanae
998 532 1191 581 Episcopi,
1213 531 1445 581 Presbyteri,
1466 530 1633 569 Diaconi

165 609 204 644 et
232 606 396 651 Fideles,
418 605 578 642 eandem
599 606 773 641 veterum
801 602 1088 640 Catholicorum
1116 602 1413 651 appellationem
1440 601 1633 639 nobismet

165 677 259 726 ipsis
297 676 505 713 attribuere
538 687 616 711 non
653 673 886 710 dubitamus.
947 672 1111 710 Omnem
1144 672 1247 709 enim
1279 671 1371 708 fidei
1403 671 1634 710 Christianae

165 747 379 784 doctrinam
409 745 626 795 recipimus,
658 757 767 793 quae,
798 757 820 780 a
854 744 963 781 fonte
991 746 1144 781 sanctae
1179 742 1397 791 Scripturae
1425 742 1630 791 profluens,

164 818 212 855 ad
235 830 316 863 nos,
349 829 416 865 per
435 827 664 853 consensum
695 813 885 851 Ecclesiae
911 814 1052 851 veteris
1083 813 1316 859 Catholicae,
1350 816 1536 861 tanquam
1564 825 1632 862 per

163 900 310 924 sacrum
331 886 512 931 canalem,
533 884 715 922 manavit.

244 984 327 1020 Nos
357 984 431 1020 tria
464 982 644 1019 Ecclesiae
676 981 815 1018 veteris
845 979 1368 1029 symbola,—Apostolicum,
1401 979 1629 1026 Nicaenum,

162 1054 540 1099 Athanasianum,—-
559 1052 599 1089 in
622 1051 802 1088 Ecclesiis
822 1051 963 1088 nostris
983 1050 1194 1088 recitamus.
1264 1050 1304 1087 N
1307 1063 1347 1087 os
1368 1050 1631 1088 Conciliorum

162 1128 336 1162 veterum
367 1123 517 1160 decreta
547 1122 589 1159 in
619 1122 732 1159 rebus
765 1121 855 1158 fidei
886 1121 1126 1169 agnoscimus
1156 1124 1193 1157 et
1212 1133 1447 1158 veneramur.
1533 1120 1628 1167 Nos,

161 1195 373 1233 secundum
409 1193 601 1231 Ecclesiae
638 1192 778 1229 veteris
818 1204 1002 1237 normam,
1043 1194 1118 1228 tres
1156 1191 1425 1228 Ministrorum
1463 1191 1628 1238 ordines,

161 1265 450 1314 Episcoporum,
468 1263 783 1312 Presbyterorum
805 1265 843 1299 et
863 1262 1138 1307 Diaconorum,
1156 1262 1342 1298 continua
1362 1261 1456 1298 serie
1476 1264 1513 1298 et
1532 1274 1630 1298 nun—

160 1349 275 1384 quam
295 1336 511 1383 interrupta
530 1333 778 1379 successione,
802 1333 849 1370 ab
879 1333 972 1381 ipsis
1001 1332 1277 1380 Apostolorum
1300 1332 1549 1381 temporibus,
1579 1331 1629 1369 ad

161 1407 237 1443 Dei
256 1406 430 1443 Verbum
449 1405 521 1441 rite
541 1404 851 1453 praedicandum,
882 1407 919 1440 et
948 1403 996 1439 ad
1027 1402 1271 1440 Sacramenta
1291 1402 1438 1440 Christi
1457 1400 1626 1451 legitime

160 1475 475 1521 administranda,
507 1487 779 1512 consecramus.
866 1473 925 1511 Ut
954 1473 1071 1511 verbo
1106 1473 1241 1518 dicam,
1272 1473 1528 1521 quodcunque
1559 1473 1628 1510 Ec-

160 1547 273 1584 clesia
303 1550 414 1584 vetus
448 1546 660 1591 Catholica,
682 1545 730 1582 ad
759 1545 922 1582 salutem
950 1548 1144 1581 aeternam
1171 1543 1437 1588 necessarium,
1468 1543 1627 1592 agnovit

159 1620 274 1666 atque
307 1617 461 1665 recepit,
494 1629 564 1653 nos
594 1616 836 1665 agnoscimus
870 1618 985 1663 atque
1022 1614 1252 1662 recipimus,
1293 1613 1550 1662 quodcunque
1584 1613 1626 1650 in

158 1688 248 1724 fidei
266 1687 437 1724 articulis
457 1686 627 1723 Ecclesia
646 1689 758 1723 vetus
780 1685 981 1724 Catholica
1000 1683 1193 1733 ignoravit
1213 1684 1275 1721 vel
1294 1683 1525 1732 repudiavit,
1555 1695 1625 1720 nos

157 1757 376 1807 ignoramus
396 1760 433 1794 et
452 1756 708 1805 repudiamus.

240 1843 327 1890 Hic,
360 1844 489 1893 igitur,
524 1843 584 1881 vir
618 1843 776 1892 egregie,
818 1842 939 1879 oritur
973 1841 1146 1890 quaestio
1181 1853 1260 1877 non
1288 1839 1394 1886 levis,
1426 1839 1528 1876 inter
1556 1852 1625 1877 nos

157 1928 312 1963 vosque,
334 1915 465 1959 amice,
487 1913 695 1962 tranquille
718 1916 755 1949 et
775 1912 983 1958 moderate,
1006 1914 1043 1948 et
1062 1911 1145 1948 sine
1165 1911 1332 1959 partium
1355 1910 1494 1956 studio,
1511 1912 1626 1958 prout

158 1985 398 2024 Christianos
419 1988 456 2022 et
476 1983 695 2022 Catholicos
715 1983 835 2029 decet,
858 1981 1096 2030 dispicienda
1117 1984 1155 2018 et
1174 1980 1432 2029 disquirenda.

238 2073 286 2109 In
307 2072 376 2109 illa
404 2072 494 2108 fidei
523 2068 725 2116 formula,⁹⁵
751 2082 867 2118 quam
887 2068 908 2106 ἐι
927 2069 1037 2106 vobis
1061 2080 1162 2105 anno
1195 2067 1293 2104 1871
1324 2067 1524 2104 Monachii
1543 2079 1626 2115 pro-

156 2143 366 2191 mulgatam
409 2142 591 2187 vidimus,
632 2141 718 2177 duae
755 2142 1026 2188 proponuntur
1063 2138 1301 2183 assertiones,
1349 2136 1458 2188 (pace
1495 2140 1624 2175 vestra

156 2211 336 2262 dixerim)
358 2225 454 2260 quae
474 2225 553 2248 11011
572 2223 735 2260 parvum
754 2209 866 2246 nobis
886 2209 1107 2257 scrupulum
1128 2208 1318 2256 injiciunt.

237 2308 366 2345 Primo
389 2307 491 2344 enim
513 2307 596 2343 loco
616 2319 684 2343 vos
705 2304 990 2341 Professionem
1009 2303 1100 2339 fidei
1115 2302 1295 2350 amplecti
1310 2302 1507 2348 videmini,
1525 2315 1622 2351 quae

155 2392 176 2415 a
196 2379 267 2415 Pio
289 2378 435 2426 Quarto
456 2377 564 2425 Papa
584 2380 639 2413 est
661 2375 774 2420 edita,
797 2375 945 2410 saeculo
966 2373 1112 2410 decimo
1133 2376 1241 2409 sexto
1270 2375 1461 2420 vergente,
1483 2385 1621 2420 nempe

155 2462 254 2486 anno
279 2449 381 2485 1564
397 2462 406 2494 3
435 2451 472 2483 et
493 2459 589 2495 quae
610 2445 789 2482 omnibus
818 2448 1001 2492 tanquam
1030 2443 1079 2479 ad
1107 2443 1269 2479 salutem
1289 2442 1499 2478 necessaria
1518 2454 1620 2490 prae-

154 2519 343 2564 scribitur,
367 2521 512 2554 “extra
532 2529 647 2565 quam
667 2527 779 2551 nemo
799 2514 928 2551 salvus
949 2526 1028 2550 esse
1057 2512 1211 2561 possit.''

203 2621 295 2651 *Prgo
297 2627 387 2644 ramm
401 2620 448 2644 des
460 2617 816 2646 Katholiken·Cong1esses
828 2615 857 2639 in
877 2615 1017 2639 M'uuohen
1038 2614 1133 2643 (22-24
1152 2613 1617 2643 Septembe1‚1871).Stenogia-

153 2655 283 2685 phiseher
278 2628 412 2678 gBericht
423 2653 493 2677 uber
505 2651 549 2676 die
563 2650 787 2680 Behandlungen
801 2649 849 2673 des
860 2647 1045 2673 Katholiken·
1036 2647 1221 2678 ·Congresses.
1259 2653 1280 2670 s.
1295 2646 1353 2669 221.
