1831 2975
753 385 843 422 Viro
871 385 1020 421 erudito

662 461 713 499 H.
744 461 1098 508 WINGERATH,

805 551 833 577 s.
857 551 889 578 P.
913 551 948 578 D.

422 617 878 673 CHRISTOPHORUS
920 618 1335 665 WORDSWORTH,

586 697 801 745 Episcopus
827 697 1114 736 Lincolm'ensis.

146 799 306 837 LITEms
334 800 423 846 tuis,
453 800 514 837 vir
541 799 827 846 humanissime,
857 800 998 849 quibus
1017 814 1078 838 me
1106 801 1154 838 ad
1184 801 1401 839 Concilium
1420 801 1608 839 Veterum

146 869 432 907 Catholicorum
466 870 647 908 Coloniae
680 870 932 919 Agrippensis
960 884 1089 908 mense
1128 871 1346 920 Septembri
1382 872 1607 909 habendum

144 939 301 986 vocasti,
322 939 435 977 citius
455 939 739 989 rescripsissem,
769 940 846 977 nisi
873 953 942 986 res,
970 940 1017 977 (16
1037 941 1112 989 qua
1130 941 1173 978 in
1191 941 1259 978 tua
1278 942 1452 991 Epistola
1471 942 1608 991 agitur,

145 1010 245 1047 tanti
260 1010 446 1047 momenti
464 1010 669 1056 videretur,
690 1013 734 1047 ut
757 1009 1073 1047 deliberationem
1092 1014 1280 1048 maturam
1299 1012 1497 1061 flagitaret.

226 1096 492 1135 Consulendos
520 1109 672 1145 quoque
701 1097 748 1133 de
772 1097 814 1134 ea
834 1097 1044 1134 arbitrabar
1062 1097 1164 1135 viros
1190 1098 1376 1146 quosdam
1395 1099 1606 1148 primarios,

144 1181 307 1217 quorum
327 1168 430 1217 apud
448 1181 509 1205 me
529 1168 737 1217 plurimum
757 1169 861 1205 valet
880 1168 1095 1214 auctoritas,
1116 1169 1337 1217 praesertim
1356 1169 1608 1207 Reverendis-

143 1238 284 1275 simum
316 1239 556 1284 Antistitern,
586 1239 928 1288 Archiepiscopum
961 1238 1289 1286 Cantuariensem,
1320 1240 1481 1289 hujusce
1516 1241 1605 1278 Pro-

144 1308 292 1345 vinciae
321 1308 675 1357 Metropolitanum,
706 1309 767 1345 cui
796 1309 1015 1345 canonicam
1040 1309 1298 1346 obedientiam
1318 1309 1448 1347 debeo.
1507 1311 1605 1348 Rem

144 1391 295 1426 quoque
314 1378 429 1415 retuli
444 1379 493 1415 ad
506 1379 723 1416 venerabile
739 1378 929 1415 Ecclesiae
944 1382 1094 1416 nostrae
1111 1378 1351 1416 Cathedralis
1369 1381 1603 1429 Capitulum,

145 1449 254 1497 cujus
274 1448 450 1497 suffragio
466 1449 548 1497 jam
566 1448 739 1485 munitus
768 1448 882 1485 hodie
911 1448 984 1485 tibi
1011 1449 1234 1497 respondeo,
1264 1462 1351 1486 cum
1371 1450 1468 1499 grati
1487 1450 1607 1487 animi

145 1531 230 1567 erga
249 1522 287 1555 te
306 1522 468 1567 tuosque
488 1518 776 1567 significatione,
807 1531 961 1567 sperans
988 1518 1079 1564 fore,
1102 1522 1156 1564 ut,
1178 1506 1314 1556 diebus
1334 1533 1355 1556 a
1375 1523 1413 1557 te
1433 1520 1604 1566 indictis,

145 1589 230 1626 Deo
249 1588 414 1635 favente,
437 1589 649 1638 praesentia
676 1588 803 1626 vestra
831 1588 1013 1626 Coloniae
1041 1588 1155 1635 fruar,
1186 1592 1224 1625 et
1243 1590 1453 1627 conventui
1479 1593 1606 1628 vestro

144 1659 328 1696 intersim.

225 1748 303 1786 Sed
333 1748 427 1785 dum
457 1747 556 1784 hanc
589 1759 696 1796 spem
724 1746 938 1796 jucundam
965 1747 1088 1794 foveo,
1118 1748 1328 1786 nonnullae
1358 1761 1419 1786 me
1447 1752 1606 1787 movent

142 1818 320 1864 rationes,
341 1821 385 1854 ut
404 1817 686 1866 indulgentiam
705 1830 727 1854 a
746 1820 784 1853 te
812 1817 1004 1866 paulisper
1031 1821 1171 1866 petam,
1202 1818 1295 1855 (111111
1323 1819 1443 1856 animi
1471 1832 1604 1857 sensus

142 1887 299 1925 intimos
326 1888 401 1925 tibi
428 1886 545 1924 libere
574 1900 762 1936 exponere
791 1899 915 1933 conor,
945 1887 1087 1935 quibus
1119 1888 1161 1924 in
1186 1888 1339 1938 incepto
1368 1892 1493 1926 vestro
1522 1893 1602 1927 tam

142 1958 260 1996 arduo
282 1961 437 2006 tamque
455 1957 618 2006 glorioso
639 1957 932 2005 contemplando
953 1957 1103 1995 afficior.

222 2045 465 2083 Primitivam
485 2045 675 2082 Ecclesiae
703 2045 818 2082 fidem
845 2045 1066 2091 instaurare,
1097 2046 1294 2094 antiquam
1315 2047 1506 2086 Ecclesiae
1526 2048 1601 2086 dis-

141 2117 323 2165 ciplinam
355 2115 621 2163 redintegrare,
656 2128 806 2160 6110165,
841 2116 1083 2163 corruptelas,
1118 2117 1309 2153 novitates
1344 2120 1381 2154 et
1421 2119 1599 2166 supersti-

140 2187 263 2223 tiones
283 2187 506 2234 abstergere,
528 2185 569 2221 in
588 2184 757 2221 Ecclesia
777 2184 974 2222 catholica
992 2185 1195 2233 gliscentes
1217 2190 1254 2223 et
1280 2186 1596 2235 ingravescentes,

140 2260 177 2293 et
197 2260 328 2293 contra
347 2254 586 2303 spiritualem
613 2254 719 2291 illam
750 2254 1051 2292 dominationem
1079 2254 1232 2293 strenue
1261 2256 1461 2303 decertare,
1499 2271 1597 2306 quae

143 2328 277 2366 Sacrae
299 2326 515 2374 Scripturae
538 2325 753 2362 auctoritati
784 2329 821 2362 et
843 2325 1082 2363 Christianae
1102 2326 1341 2374 Antiquitati
1365 2327 1596 2374 adversatur,

141 2401 178 2435 et
199 2397 327 2434 omnia
347 2397 387 2432 in
407 2394 576 2431 Ecclesia
596 2398 632 2430 et
653 2394 864 2443 Republica
883 2396 1114 2443 perturbare,
1142 2399 1180 2432 et
1200 2397 1442 2444 pessundare,
1473 2411 1597 2447 aggre-

141 2466 384 2513 ditur‚——hoc
404 2463 493 2501 sane
521 2464 812 2500 saluberrimum
841 2478 935 2513 opus
964 2478 1042 2501 esse
1070 2465 1224 2502 videtur
1244 2470 1280 2502 et
1301 2467 1596 2513 nobilissimum,

139 2542 176 2575 et
196 2537 300 2586 quod
319 2535 492 2572 omnium
521 2533 666 2571 Christi
695 2534 868 2571 fidelium
896 2534 1024 2572 studia
1051 2535 1100 2572 ad
1119 2547 1158 2572 se
1173 2536 1260 2583 jure
1280 2536 1416 2575 debeat
1444 2537 1594 2575 allicere

140 2611 178 2643 et
206 2605 415 2644 conciliare.
