1831 2975
893 132 941 170 10

177 241 304 290 palam
329 240 446 286 fieret,
468 252 536 278 vos
565 252 645 277 non
673 240 713 276 in
742 240 872 276 vestra
900 237 1173 288 intelligentia,
1195 241 1234 276 et
1259 236 1302 276 in
1326 237 1460 276 vestris
1485 237 1651 284 viribus,

179 311 248 349 sed
285 311 327 348 in
366 310 514 348 SANOTI
556 310 743 349 Smmmus
790 308 921 346 afflatu
969 312 1007 346 et
1053 308 1199 346 auxilio
1246 322 1354 358 spem
1400 322 1541 358 ponere
1556 322 1567 356 3
1613 311 1654 346 et

179 381 505 431 quemadmodum
534 381 577 418 in
606 381 747 419 veteris
774 379 965 417 Ecclesiae
994 379 1165 429 Synodis
1192 379 1382 417 Professio
1420 379 1511 416 fidei
1548 382 1652 417 ante-

179 452 350 498 cedebat,
371 452 424 489 sic
440 452 481 488 in
496 454 622 488 vestro
639 451 813 489 Concilio
830 449 1053 488 SYMBOLUM
1070 449 1291 487 NIOAENUM
1308 449 1355 487 ab
1372 449 1552 486 omnibus
1573 450 1653 486 una

181 535 274 560 voce
300 522 533 568 recitaretur,
559 525 603 558 ut
627 534 758 558 omnes
788 521 929 558 scirent
958 532 1027 557 vos
1048 520 1138 557 fidei
1167 523 1205 557 et
1235 519 1373 557 amoris
1402 519 1653 557 sanctissimis

182 593 347 630 nexibus
362 592 570 630 consociari
584 605 594 639 3
614 595 651 629 et
667 594 710 628 ut
726 591 906 628 omnibus
926 591 1192 637 innotesceret,
1215 603 1284 627 vos
1306 593 1393 627 vere
1415 593 1554 627 veteres
1573 602 1654 627 esse

187 663 412 708 Gcctlzolz'cos,
427 666 465 699 et
478 675 566 700 cum
577 664 705 699 vetere
718 661 920 699 Catholica
931 661 1103 698 Ecclesia
1117 661 1327 699 CHRISTUM
1343 660 1509 707 adorare,
1519 672 1654 697 verum

182 734 322 780 Deum,
357 736 394 770 et
433 745 566 770 verum
606 732 828 778 Hominem,
877 744 1070 769 summum
1117 731 1309 769 Ecclesiae
1359 731 1570 777 Pastorem,
1613 733 1651 768 et

182 803 401 840 Maximum
434 806 473 840 et
506 803 713 840 AEternum
745 802 987 848 Pontificem,
1022 801 1279 839 Infallibilem
1312 801 1403 839 fidei
1435 804 1473 839 et
1504 814 1652 839 morum

180 874 423 924 Magistrum,
459 873 639 923 “Regem
675 873 824 923 Regum
853 877 892 910 et
921 873 1136 910 Dominum
1164 872 1496 919 Dominantium,''
1534 875 1572 909 et
1611 871 1651 909 in

183 945 240 982 Eo
268 957 337 983 vos
365 947 533 982 vestram
561 944 744 982 fiduciam
775 944 966 982 collocare.

264 1031 341 1070 Sed
360 1032 448 1069 finis
467 1031 559 1069 huic
578 1031 694 1069 nimis
713 1031 874 1081 prolixae
889 1030 1085 1080 Epistolae
1097 1030 1179 1079 jam
1194 1029 1391 1068 faciendus
1408 1033 1476 1067 est.
1516 1028 1654 1067 Unum

180 1106 334 1141 tantum
358 1102 470 1140 vobis
489 1103 572 1151 jam
595 1102 765 1152 spondeo
796 1105 910 1151 atque
938 1101 1119 1151 polliceor
1134 1115 1144 1149 ,·
1172 1101 1204 1138 si
1233 1101 1341 1138 Deus
1367 1104 1538 1138 nostram
1566 1113 1650 1150 pro-

182 1173 386 1211 fectionem
400 1173 448 1210 ad
461 1185 529 1210 vos
541 1173 811 1219 fortunaverit,
820 1185 881 1209 me
893 1175 1086 1210 attentum
1100 1172 1411 1218 auscultatorem,
1420 1174 1458 1208 et
1471 1171 1654 1208 devotum

180 1257 248 1293 pro
277 1243 387 1281 vobis
416 1247 453 1281 et
482 1242 657 1280 Ecclesia
685 1242 889 1281 Catholici}
918 1245 1163 1292 precatorem,
1193 1241 1397 1279 habebitis,
1447 1241 1558 1288 Vale,
1579 1241 1653 1279 Vir

183 1314 435 1361 ornatissime,
457 1317 496 1351 et
515 1327 585 1352 nos
605 1326 700 1352 ama.

238 1436 392 1474 Dabam
413 1436 671 1473 Riseholmiae
691 1448 809 1485 prope
831 1434 1085 1481 Lincolniam,

565 1519 644 1545 ΛΑ).
668 1519 702 1544 v.
726 1507 821 1544 Idus
838 1507 1016 1552 Sextiles,
1037 1518 1107 1544 A.s.
1131 1517 1381 1543 MDCCOLXXII.
